<?xml version="1.0" encoding="UTF-8"?>
<Document xmlns:xsi="http://www.w3.org/2001/XMLSchema-instance" xmlns="urn:iso:std:iso:20022:tech:xsd:pain.001.001.03">
<CstmrCdtTrfInitn>
<GrpHdr>
<MsgId>DBN6B1701041</MsgId>
<CreDtTm>2017-01-04T14:59:56</CreDtTm>
<NbOfTxs>2</NbOfTxs>
<CtrlSum>245.00</CtrlSum>
<InitgPty>
<Nm>N6 - NORSK ROMSENTER</Nm>
<Id>
<OrgId>
<Othr>
<Id>00886028482</Id>
<SchmeNm><Cd>CUST</Cd></SchmeNm>
</Othr>
<Othr>
<Id>003</Id>
<SchmeNm><Cd>BANK</Cd></SchmeNm>
</Othr>
</OrgId>
</Id>
</InitgPty>
</GrpHdr>
<PmtInf>
<PmtInfId>AG_NOKNOK20161114_00016111430001</PmtInfId>
<PmtMtd>TRF</PmtMtd>
<BtchBookg>false</BtchBookg>
<PmtTpInf>
<SvcLvl>
<Cd>NURG</Cd>
</SvcLvl>
<CtgyPurp>
<Cd>SUPP</Cd>
</CtgyPurp>
</PmtTpInf>
<ReqdExctnDt>2016-11-14</ReqdExctnDt>
<Dbtr>
<Nm>N6 - NORSK ROMSENTER</Nm>
<PstlAdr><Ctry>NO</Ctry></PstlAdr>
</Dbtr>
<DbtrAcct>
<Id>
<Othr><Id>76940563506</Id><SchmeNm><Cd>BBAN</Cd></SchmeNm></Othr>
</Id>
<Ccy>NOK</Ccy>
</DbtrAcct>
<DbtrAgt>
<FinInstnId>
<BIC>DNBANOKK</BIC>
</FinInstnId>
</DbtrAgt>
<ChrgBr>SHAR</ChrgBr>
<CdtTrfTxInf>
<PmtId>
<InstrId>AN60161114300002</InstrId>
<EndToEndId>AN60161114300002</EndToEndId>
</PmtId>
<Amt>
<InstdAmt Ccy="NOK">145.00</InstdAmt>
</Amt>
<CdtrAgt>
<FinInstnId>
<BIC>BOFAUS3N</BIC>
<ClrSysMmbId>
<ClrSysId><Cd>GY026</Cd></ClrSysId>
<MmbId>009593</MmbId>
</ClrSysMmbId>
<Nm>BANK OF AMERICA, 701 BRICKELL AVE 6</Nm>
<PstlAdr><Ctry>GY</Ctry></PstlAdr>
</FinInstnId>
</CdtrAgt>
<Cdtr>
<Nm>GUYANA FORESTRY COMMISSION</Nm>
<PstlAdr><StrtNm>1 WATER STREET, KINGSTON,</StrtNm><Ctry>GY</Ctry></PstlAdr>
</Cdtr>
<CdtrAcct>
<Id>
<Othr>
<Id>1901920008</Id>
<SchmeNm>
<Cd>BBAN</Cd>
</SchmeNm>
</Othr>
</Id>
</CdtrAcct>
<RgltryRptg>
<DbtCdtRptgInd>DEBT</DbtCdtRptgInd>
<Dtls>
<Cd>29</Cd>
<Inf>ANNET KJØP/SALG AV T</Inf>
</Dtls>
</RgltryRptg>
<RmtInf>
<Ustrd>22.</Ustrd>
</RmtInf>
</CdtTrfTxInf>
</PmtInf>
<PmtInf>
<PmtInfId>AG_NOKUSD20161114_00016111430002</PmtInfId>
<PmtMtd>TRF</PmtMtd>
<BtchBookg>false</BtchBookg>
<PmtTpInf>
<SvcLvl>
<Cd>NURG</Cd>
</SvcLvl>
<CtgyPurp>
<Cd>SUPP</Cd>
</CtgyPurp>
</PmtTpInf>
<ReqdExctnDt>2016-11-14</ReqdExctnDt>
<Dbtr>
<Nm>N6 - NORSK ROMSENTER</Nm>
<PstlAdr><Ctry>NO</Ctry></PstlAdr>
</Dbtr>
<DbtrAcct>
<Id>
<Othr><Id>76940563506</Id><SchmeNm><Cd>BBAN</Cd></SchmeNm></Othr>
</Id>
<Ccy>NOK</Ccy>
</DbtrAcct>
<DbtrAgt>
<FinInstnId>
<BIC>DNBANOKK</BIC>
</FinInstnId>
</DbtrAgt>
<ChrgBr>SHAR</ChrgBr>
<CdtTrfTxInf>
<PmtId>
<InstrId>AN60161114300003</InstrId>
<EndToEndId>AN60161114300003</EndToEndId>
</PmtId>
<Amt>
<InstdAmt Ccy="USD">100.00</InstdAmt>
</Amt>
<CdtrAgt>
<FinInstnId>
<BIC>BOFAUS3N</BIC>
<ClrSysMmbId>
<ClrSysId><Cd>GY026</Cd></ClrSysId>
<MmbId>009593</MmbId>
</ClrSysMmbId>
<Nm>BANK OF AMERICA, 701 BRICKELL AVE 6</Nm>
<PstlAdr><Ctry>GY</Ctry></PstlAdr>
</FinInstnId>
</CdtrAgt>
<Cdtr>
<Nm>GUYANA FORESTRY COMMISSION</Nm>
<PstlAdr><StrtNm>1 WATER STREET, KINGSTON,</StrtNm><Ctry>GY</Ctry></PstlAdr>
</Cdtr>
<CdtrAcct>
<Id>
<Othr>
<Id>1901920008</Id>
<SchmeNm>
<Cd>BBAN</Cd>
</SchmeNm>
</Othr>
</Id>
</CdtrAcct>
<RgltryRptg>
<DbtCdtRptgInd>DEBT</DbtCdtRptgInd>
<Dtls>
<Cd>29</Cd>
<Inf>ANNET KJØP/SALG AV T</Inf>
</Dtls>
</RgltryRptg>
<RmtInf>
<Ustrd>11.</Ustrd>
</RmtInf>
</CdtTrfTxInf>
</PmtInf>
</CstmrCdtTrfInitn>
</Document>
