<?xml version="1.0" encoding="UTF-8"?>
<Document xmlns:xsi="http://www.w3.org/2001/XMLSchema-instance" xmlns="urn:iso:std:iso:20022:tech:xsd:pain.001.001.03">
<CstmrCdtTrfInitn>
<GrpHdr>
<MsgId>DBN6B1701311-002</MsgId>
<CreDtTm>2017-01-31T08:01:44</CreDtTm>
<NbOfTxs>1</NbOfTxs>
<CtrlSum>516.00</CtrlSum>
<InitgPty>
<Nm>N6 - NORSK ROMSENTER</Nm>
<Id>
<OrgId>
<Othr>
<Id>00886028482</Id>
<SchmeNm><Cd>CUST</Cd></SchmeNm>
</Othr>
<Othr>
<Id>003</Id>
<SchmeNm><Cd>BANK</Cd></SchmeNm>
</Othr>
</OrgId>
</Id>
</InitgPty>
</GrpHdr>
<PmtInf>
<PmtInfId>AG_NOKNOK20170131_00017013110001</PmtInfId>
<PmtMtd>TRF</PmtMtd>
<BtchBookg>false</BtchBookg>
<PmtTpInf>
<SvcLvl>
<Cd>NURG</Cd>
</SvcLvl>
<CtgyPurp>
<Cd>SUPP</Cd>
</CtgyPurp>
</PmtTpInf>
<ReqdExctnDt>2017-01-31</ReqdExctnDt>
<Dbtr>
<Nm>N6 - NORSK ROMSENTER</Nm>
<PstlAdr><Ctry>NO</Ctry></PstlAdr>
</Dbtr>
<DbtrAcct>
<Id>
<Othr><Id>76940563506</Id><SchmeNm><Cd>BBAN</Cd></SchmeNm></Othr>
</Id>
<Ccy>NOK</Ccy>
</DbtrAcct>
<DbtrAgt>
<FinInstnId>
<BIC>DNBANOKKXXX</BIC>
</FinInstnId>
</DbtrAgt>
<ChrgBr>SHAR</ChrgBr>
<CdtTrfTxInf>
<PmtId>
<InstrId>AN60170131100001</InstrId>
<EndToEndId>AN60170131100001</EndToEndId>
</PmtId>
<Amt>
<InstdAmt Ccy="NOK">516.00</InstdAmt>
</Amt>
<CdtrAgt>
<FinInstnId>
<BIC>ESSESESS</BIC>
<PstlAdr><Ctry>SE</Ctry></PstlAdr>
</FinInstnId>
</CdtrAgt>
<Cdtr>
<Nm>TRAINEE.NO</Nm>
<PstlAdr><StrtNm>PFG MEDIA AB</StrtNm><Ctry>SE</Ctry></PstlAdr>
</Cdtr>
<CdtrAcct>
<Id>
<IBAN>SE8350000000052311048554</IBAN>
</Id>
</CdtrAcct>
<RgltryRptg>
<DbtCdtRptgInd>DEBT</DbtCdtRptgInd>
<Dtls>
<Cd>29</Cd>
<Inf>ANNET KJØP/SALG AV T</Inf>
</Dtls>
</RgltryRptg>
<RmtInf>
<Ustrd>1,2,3.</Ustrd>
</RmtInf>
</CdtTrfTxInf>
</PmtInf>
</CstmrCdtTrfInitn>
</Document>
