<?xml version="1.0" encoding="UTF-8"?>
<Document xmlns:xsi="http://www.w3.org/2001/XMLSchema-instance" xmlns="urn:iso:std:iso:20022:tech:xsd:pain.001.001.03">
	<CstmrCdtTrfInitn>
		<GrpHdr>
			<MsgId>NAN3B1701303</MsgId>
			<CreDtTm>2017-01-30T14:21:34</CreDtTm>
			<NbOfTxs>1</NbOfTxs>
			<CtrlSum>3064.00</CtrlSum>
			<InitgPty>
				<Nm>N3 - GIEK</Nm>
				<Id>
					<OrgId>
						<Othr>
							<Id>8268461163</Id>
							<SchmeNm>
								<Cd>CUST</Cd>
							</SchmeNm>
						</Othr>
					</OrgId>
				</Id>
			</InitgPty>
		</GrpHdr>
		<PmtInf>
			<PmtInfId>AG_NOKSEK20170130_00017013090001</PmtInfId>
			<PmtMtd>TRF</PmtMtd>
			<PmtTpInf>
				<SvcLvl>
					<Cd>NURG</Cd>
				</SvcLvl>
				<CtgyPurp>
					<Cd>SUPP</Cd>
				</CtgyPurp>
			</PmtTpInf>
			<ReqdExctnDt>2017-01-30</ReqdExctnDt>
			<Dbtr>
				<Nm>N3 - GIEK</Nm>
				<PstlAdr>
					<Ctry>NO</Ctry>
				</PstlAdr>
				<Id>
					<OrgId>
						<Othr>
							<Id>133319019962</Id>
							<SchmeNm>
								<Cd>BANK</Cd>
							</SchmeNm>
						</Othr>
					</OrgId>
				</Id>
			</Dbtr>
			<DbtrAcct>
				<Id>
					<Othr>
						<Id>63450508928</Id>
						<SchmeNm>
							<Cd>BBAN</Cd>
						</SchmeNm>
					</Othr>
				</Id>
				<Ccy>NOK</Ccy>
			</DbtrAcct>
			<DbtrAgt>
				<FinInstnId>
					<BIC>NDEANOKK</BIC>
				</FinInstnId>
			</DbtrAgt>
			<ChrgBr>SHAR</ChrgBr>
			<CdtTrfTxInf>
				<PmtId>
					<InstrId>AN30170130900001</InstrId>
					<EndToEndId>AN30170130900001</EndToEndId>
				</PmtId>
				<Amt>
					<InstdAmt Ccy="SEK">3064.00</InstdAmt>
				</Amt>
				<CdtrAgt>
					<FinInstnId>
						<BIC>DABADKKK</BIC>
						<PstlAdr>
							<Ctry>DK</Ctry>
						</PstlAdr>
					</FinInstnId>
				</CdtrAgt>
				<Cdtr>
					<Nm>EKSPORTKREDITFONDEN</Nm>
					<PstlAdr>
						<StrtNm>LAUTUPSGADE 11</StrtNm>
						<PstCd>DK-2100</PstCd>
						<TwnNm>DK-2100 COPENHAGEN</TwnNm>
						<Ctry>DK</Ctry>
					</PstlAdr>
				</Cdtr>
				<CdtrAcct>
					<Id>
						<IBAN>DK9630003001898000</IBAN>
					</Id>
				</CdtrAcct>
				<RgltryRptg>
					<DbtCdtRptgInd>DEBT</DbtCdtRptgInd>
					<Dtls>
						<Cd>14</Cd>
						<Inf>EKSPORT/IMPORT AV AN</Inf>
					</Dtls>
				</RgltryRptg>
				<RmtInf>
					<Ustrd>219036.</Ustrd>
				</RmtInf>
			</CdtTrfTxInf>
		</PmtInf>
	</CstmrCdtTrfInitn>
</Document>
